@inproceedings{brandon,
	author = {Beamer, Brandon and Girju, Roxana},
	title = {Investigating automatic alignment methods for slide generation from academic papers},
	booktitle = {Proceedings of the Thirteenth Conference on Computational Natural Language Learning},
	series = {CoNLL '09},
	year = {2009},
	isbn = {978-1-932432-29-9},
	location = {Boulder, Colorado},
	pages = {111--119},
	numpages = {9},
	url = {http://dl.acm.org/citation.cfm?id=1596374.1596395},
	acmid = {1596395},
	publisher = {Association for Computational Linguistics},
	address = {Stroudsburg, PA, USA},
}


@inproceedings{sravanthi,
	added-at = {2012-12-13T00:00:00.000+0100},
	author = {Sravanthi, M. and Chowdary, C. Ravindranath and Kumar, P. Sreenivasa},
	biburl = {http://www.bibsonomy.org/bibtex/267260e550b1f6e7e6e0f7c0cd4d6189f/dblp},
	booktitle = {FLAIRS Conference},
	editor = {Lane, H. Chad and Guesgen, Hans W.},
	ee = {http://aaai.org/ocs/index.php/FLAIRS/2009/paper/view/22},
	interhash = {a221fc68f19112235b29c4a2eeed921b},
	intrahash = {67260e550b1f6e7e6e0f7c0cd4d6189f},
	isbn = {978-1-57735-419-2},
	keywords = {dblp},
	publisher = {AAAI Press},
	timestamp = {2012-12-13T00:00:00.000+0100},
	title = {SlidesGen: Automatic Generation of Presentation Slides for a Technical Paper Using Summarization.},
	url = {http://dblp.uni-trier.de/db/conf/flairs/flairs2009.html#SravanthiCK09},
	year = 2009
}
