@inproceedings{brandon,
	author = {Beamer, Brandon and Girju, Roxana},
	title = {Investigating automatic alignment methods for slide generation from academic papers},
	booktitle = {Proceedings of the Thirteenth Conference on Computational Natural Language Learning},
	series = {CoNLL '09},
	year = {2009},
	location = {Boulder, Colorado},
	pages = {111--119},
}


@inproceedings{sravanthi,
	author = {Sravanthi, M. and Chowdary, C. Ravindranath and Kumar, P. Sreenivasa},
	booktitle = {FLAIRS Conference},
	title = {SlidesGen: Automatic Generation of Presentation Slides for a Technical Paper Using Summarization.},
	url = {http://dblp.uni-trier.de/db/conf/flairs/flairs2009.html#SravanthiCK09},
	year = 2009
}

@misc{kappa,
   author = "Wikipedia",
   title = "Fleiss' kappa --- {W}ikipedia{,} The Free Encyclopedia",
   url = "http://en.wikipedia.org/wiki/Fleiss%27_kappa",
   note = "[Online; accessed 20-Nov-2013]"
 }
